<collection xmlns="http://www.loc.gov/MARC21/slim">
   <record>
      <leader>02726cam a2200457 i 4500</leader>
      <controlfield tag="001">6815497</controlfield>
      <controlfield tag="003">OCoLC</controlfield>
      <controlfield tag="005">20150211083535.0</controlfield>
      <controlfield tag="008">140514s2015    nyuafb j      000 0aeng c</controlfield>
      <datafield ind1=" " ind2=" " tag="010">
         <subfield code="a">  2014019191</subfield>
      </datafield>
      <datafield ind1=" " ind2=" " tag="020">
         <subfield code="a">9780803740808 (hardcover)</subfield>
      </datafield>
      <datafield ind1=" " ind2=" " tag="020">
         <subfield code="a">0803740808 (hardcover)</subfield>
      </datafield>
      <datafield ind1=" " ind2=" " tag="035">
         <subfield code="a">ocn879983524</subfield>
      </datafield>
      <datafield ind1=" " ind2=" " tag="040">
         <subfield code="a">IEN/DLC</subfield>
         <subfield code="b">eng</subfield>
         <subfield code="e">rda</subfield>
         <subfield code="c">INU</subfield>
         <subfield code="d">DLC</subfield>
         <subfield code="d">OCLCO</subfield>
         <subfield code="d">IEB</subfield>
         <subfield code="d">OCLCO</subfield>
         <subfield code="d">NYP</subfield>
         <subfield code="d">CGP</subfield>
         <subfield code="d">ZPJ</subfield>
         <subfield code="d">UAB</subfield>
         <subfield code="d">AEU</subfield>
      </datafield>
      <datafield ind1=" " ind2=" " tag="042">
         <subfield code="a">pcc</subfield>
      </datafield>
      <datafield ind1=" " ind2=" " tag="043">
         <subfield code="a">f-mw---</subfield>
      </datafield>
      <datafield ind1="0" ind2="0" tag="050">
         <subfield code="a">TJ140.K36</subfield>
         <subfield code="b">A3 2015</subfield>
      </datafield>
      <datafield ind1="0" ind2="4" tag="082">
         <subfield code="a">621.453096897</subfield>
         <subfield code="2">23</subfield>
      </datafield>
      <datafield ind1=" " ind2=" " tag="090">
         <subfield code="a">TJ 820 K36 2015 </subfield>
         <subfield code="b">AEU</subfield>
      </datafield>
      <datafield ind1="1" ind2=" " tag="100">
         <subfield code="a">Kamkwamba, William,</subfield>
         <subfield code="d">1987-</subfield>
         <subfield code="e">author.</subfield>
         <subfield code="0">http://id.loc.gov/authorities/names/no2009154476</subfield>
         <subfield code="0">http://viaf.org/viaf/100841227</subfield>
      </datafield>
      <datafield ind1="1" ind2="4" tag="245">
         <subfield code="a">The boy who harnessed the wind /</subfield>
         <subfield code="c">William Kamkwamba and Bryan Mealer ; illustrated by Anna Hymas.</subfield>
      </datafield>
      <datafield ind1=" " ind2=" " tag="250">
         <subfield code="a">Young readers edition.</subfield>
      </datafield>
      <datafield ind1=" " ind2="1" tag="264">
         <subfield code="a">New York, New York :</subfield>
         <subfield code="b">Dial Books for Young Readers, an imprint of Penguin Group (USA) Inc.,</subfield>
         <subfield code="c">[2015]</subfield>
      </datafield>
      <datafield ind1=" " ind2=" " tag="300">
         <subfield code="a">293 pages, 8 unnumbered pages of plates :</subfield>
         <subfield code="b">illustrations (chiefly color), map ;</subfield>
         <subfield code="c">22 cm</subfield>
      </datafield>
      <datafield ind1=" " ind2=" " tag="336">
         <subfield code="a">text</subfield>
         <subfield code="b">txt</subfield>
         <subfield code="2">rdacontent</subfield>
         <subfield code="0">http://id.loc.gov/vocabulary/contentTypes/txt</subfield>
      </datafield>
      <datafield ind1=" " ind2=" " tag="337">
         <subfield code="a">unmediated</subfield>
         <subfield code="b">n</subfield>
         <subfield code="2">rdamedia</subfield>
         <subfield code="0">http://id.loc.gov/vocabulary/mediaTypes/n</subfield>
      </datafield>
      <datafield ind1=" " ind2=" " tag="338">
         <subfield code="a">volume</subfield>
         <subfield code="b">nc</subfield>
         <subfield code="2">rdacarrier</subfield>
         <subfield code="0">http://id.loc.gov/vocabulary/carriers/nc</subfield>
      </datafield>
      <datafield ind1=" " ind2=" " tag="520">
         <subfield code="a">In this memoir adapted for young readers, William Kamkwamba describes the drought that struck his tiny village in Malawi, his subsequent interest in science, and his idea to build a windmill. Made out of scrap metal and old bicycle parts, William's windmill brought electricity to his home and helped his family pump the water they needed to farm the land.</subfield>
      </datafield>
      <datafield ind1=" " ind2=" " tag="596">
         <subfield code="a">41</subfield>
      </datafield>
      <datafield ind1="1" ind2="0" tag="600">
         <subfield code="a">Kamkwamba, William,</subfield>
         <subfield code="d">1987-</subfield>
         <subfield code="v">Juvenile literature.</subfield>
         <subfield code="0">http://id.loc.gov/authorities/names/no2009154476</subfield>
         <subfield code="0">http://viaf.org/viaf/100841227</subfield>
      </datafield>
      <datafield ind1=" " ind2="0" tag="650">
         <subfield code="a">Mechanical engineers</subfield>
         <subfield code="z">Malawi</subfield>
         <subfield code="v">Biography</subfield>
         <subfield code="v">Juvenile literature.</subfield>
      </datafield>
      <datafield ind1=" " ind2="0" tag="650">
         <subfield code="a">Inventors</subfield>
         <subfield code="z">Malawi</subfield>
         <subfield code="v">Biography</subfield>
         <subfield code="v">Juvenile literature.</subfield>
      </datafield>
      <datafield ind1=" " ind2="0" tag="650">
         <subfield code="a">Windmills</subfield>
         <subfield code="z">Malawi</subfield>
         <subfield code="v">Juvenile literature.</subfield>
      </datafield>
      <datafield ind1=" " ind2="0" tag="650">
         <subfield code="a">Electric power production</subfield>
         <subfield code="z">Malawi</subfield>
         <subfield code="v">Juvenile literature.</subfield>
      </datafield>
      <datafield ind1=" " ind2="0" tag="650">
         <subfield code="a">Irrigation</subfield>
         <subfield code="z">Malawi</subfield>
         <subfield code="v">Juvenile literature.</subfield>
      </datafield>
      <datafield ind1="1" ind2=" " tag="700">
         <subfield code="a">Mealer, Bryan,</subfield>
         <subfield code="e">author.</subfield>
         <subfield code="0">http://id.loc.gov/authorities/names/n2008006552</subfield>
         <subfield code="0">http://viaf.org/viaf/1934712</subfield>
      </datafield>
      <datafield ind1="1" ind2=" " tag="700">
         <subfield code="a">Hymas, Anna,</subfield>
         <subfield code="e">illustrator.</subfield>
         <subfield code="0">http://id.loc.gov/authorities/names/no2015010603</subfield>
         <subfield code="0">http://viaf.org/viaf/765144928081754341593</subfield>
      </datafield>
      <datafield ind1=" " ind2=" " tag="758">
         <subfield code="0">http://worldcat.org/entity/work/id/23907528</subfield>
      </datafield>
      <datafield ind1="0" ind2=" " tag="787">
         <subfield code="n">OCLC Work Id</subfield>
         <subfield code="o">http://worldcat.org/entity/work/id/23907528</subfield>
      </datafield>
      <datafield ind1=" " ind2=" " tag="949">
         <subfield code="a">TJ 820 K36 2015 </subfield>
         <subfield code="h">UAED-CU-B</subfield>
         <subfield code="i">0162035247822</subfield>
      </datafield>
      <datafield ind1=" " ind2=" " tag="926">
         <subfield code="a">TJ 820 K36 2015</subfield>
         <subfield code="w">LC</subfield>
         <subfield code="c">1</subfield>
         <subfield code="i">0162035247822</subfield>
         <subfield code="d">3/2/2016</subfield>
         <subfield code="e">2/24/2016</subfield>
         <subfield code="l">CURRICULUM</subfield>
         <subfield code="m">UAEDUC</subfield>
         <subfield code="n">5</subfield>
         <subfield code="p">$150.00</subfield>
         <subfield code="r">Y</subfield>
         <subfield code="s">Y</subfield>
         <subfield code="t">BOOK</subfield>
         <subfield code="u">3/4/2015</subfield>
      </datafield>
   </record>
</collection>
